@misc{lecture,
  author        = {Ma, Tengyu},
  title         = {Lecture notes on Machine Learning Theory},
  month         = {Winter},
  year          = {2021},
  url={https://docs.google.com/viewer?url=https://raw.githubusercontent.com/tengyuma/cs229m_notes/main/master.pdf},
  publisher={Stanford}
}

@book{Wainwright_2019, 
	place={Cambridge}, 
	series={Cambridge Series in Statistical and Probabilistic Mathematics}, 
	title={High-Dimensional Statistics: A Non-Asymptotic Viewpoint}, 
	publisher={Cambridge University Press}, 
	author={Wainwright, Martin J.}, 
	year={2019}, 
	collection={Cambridge Series in Statistical and Probabilistic Mathematics}
}